@InProceedings{bertrand2017ISBI,
  author = {Bertrand, Hadrien and Perrot, Matthieu and Ardon, Roberto and Bloch, Isabelle},
  year = {2017},
  title = {{Classification of MRI data using deep learning and Gaussian process-based model selection}},
  booktitle = "IEEE 14th International Symposium on Biomedical Imaging (ISBI)",
  url = "https://perso.telecom-paristech.fr/bloch/papers/proceedings/ISBI2017-Hadrien.pdf",
  keywords = {own}
}

@InProceedings{bertrand2017CAp,
  author = {Bertrand, Hadrien and Ardon, Roberto and Perrot, Matthieu and Bloch, Isabelle},
  year = {2017},
  title = {{Hyperparameter Optimization of Deep Neural Networks: Combining Hyperband with Bayesian Model Selection}},
  booktitle = "Conf√©rence sur l'Apprentissage automatique (CAp)",
  url = "https://perso.telecom-paristech.fr/bloch/papers/proceedings/CAP2017-Hadrien.pdf",
  keywords = {own}
}
