@inproceedings{abadi2016,
 author = {Abadi, Martin and Chu, Andy and Goodfellow, Ian and McMahan, H. Brendan and Mironov, Ilya and Talwar, Kunal and Zhang, Li},
 title = {Deep Learning with Differential Privacy},
 booktitle = {Proceedings of the 2016 ACM SIGSAC Conference on Computer and Communications Security},
 year = {2016},
 url = {http://doi.acm.org/10.1145/2976749.2978318}
} 

@article{angeline1994,
    author={P. J. Angeline and G. M. Saunders and J. B. Pollack},
    journal={IEEE Transactions on Neural Networks},
    title={An evolutionary algorithm that constructs recurrent neural networks},
    year={1994},
    doi={10.1109/72.265960}
}

@inproceedings{argyriou2006NIPS,
 author = {Argyriou, Andreas and Evgeniou, Theodoros and Pontil, Massimiliano},
 title = {Multi-task Feature Learning},
 booktitle = {Proceedings of the 19th International Conference on Neural Information Processing Systems},
 year = {2006},
 url = {http://dl.acm.org/citation.cfm?id=2976456.2976462}
} 

@inproceedings{arnold2007,
    author={A. Arnold and R. Nallapati and W. W. Cohen},
    booktitle={Seventh IEEE International Conference on Data Mining Workshops (ICDMW 2007)},
    title={A Comparative Study of Methods for Transductive Transfer Learning},
    year={2007},
    doi={10.1109/ICDMW.2007.109}
}

@article{baker2017ICLR,
  author    = {Bowen Baker and
               Otkrist Gupta and
               Nikhil Naik and
               Ramesh Raskar},
  title     = {Designing Neural Network Architectures using Reinforcement Learning},
  journal   = {International Conference on Learning Representations (ICLR)},
  year      = {2017},
  url       = {http://arxiv.org/abs/1611.02167}
}

@inproceedings{ballard1987,
 author = {Ballard, Dana H.},
 title = {Modular Learning in Neural Networks},
 booktitle = {Proceedings of the Sixth National Conference on Artificial Intelligence},
 year = {1987},
 url = {http://dl.acm.org/citation.cfm?id=1863696.1863746}
}

@inproceedings{bar2015ISBI,
    author={Y. Bar and I. Diamant and L. Wolf and S. Lieberman and E. Konen and H. Greenspan},
    booktitle={International Symposium on Biomedical Imaging (ISBI)},
    title={Chest pathology detection using deep learning with non-medical training},
    year={2015},
    doi={10.1109/ISBI.2015.7163871}
}

@Article{ben-david2010,
    author="Ben-David, Shai
    and Blitzer, John
    and Crammer, Koby
    and Kulesza, Alex
    and Pereira, Fernando
    and Vaughan, Jennifer Wortman",
    title="A theory of learning from different domains",
    journal="Machine Learning",
    year="2010",
    doi="10.1007/s10994-009-5152-4"
}

@incollection{bengio2007NIPS,
    title = {Greedy Layer-Wise Training of Deep Networks},
    author = {Bengio, Yoshua and Pascal Lamblin and Dan Popovici and Larochelle, Hugo},
    booktitle = {Advances in Neural Information Processing Systems},
    year = {2007},
    url = {http://papers.nips.cc/paper/3048-greedy-layer-wise-training-of-deep-networks.pdf}
}

@inproceedings{bergstra2011NIPS,
 author = {Bergstra, James and Bardenet, R{\'e}mi and Bengio, Yoshua and K{\'e}gl, Bal\'{a}zs},
 title = {Algorithms for Hyper-parameter Optimization},
 booktitle = {International Conference on Neural Information Processing Systems (NIPS)},
 year = {2011},
 isbn = {978-1-61839-599-3},
 url = {https://papers.nips.cc/paper/4443-algorithms-for-hyper-parameter-optimization.pdf},
} 

@article{bergstra2012JMLR,
 author = {Bergstra, James and Bengio, Yoshua},
 title = {Random Search for Hyper-parameter Optimization},
 journal = {Journal of Machine Learning Research},
 year = {2012},
 issn = {1532-4435},
 url = {http://www.jmlr.org/papers/v13/bergstra12a.html}
}

@inproceedings{bergstra2013ICML,
 author = {Bergstra, James and Yamins, Daniel and Cox, David D.},
 title = {Making a Science of Model Search: Hyperparameter Optimization in Hundreds of Dimensions for Vision Architectures},
 booktitle = {International Conference on Machine Learning (ICML)},
 year = {2013},
 url = {http://proceedings.mlr.press/v28/bergstra13.pdf}
} 

@InProceedings{braun1993,
    author="Braun, Heinrich
    and Weisbrod, Joachim",
    editor="Albrecht, Rudolf F.
    and Reeves, Colin R.
    and Steele, Nigel C.",
    title="Evolving Neural Feedforward Networks",
    booktitle="Artificial Neural Nets and Genetic Algorithms",
    year="1993",
    isbn="978-3-7091-7533-0"
}

@article{buda2017,
    title = "A systematic study of the class imbalance problem in convolutional neural networks",
    journal = "Neural Networks",
    volume = "106",
    pages = "249 - 259",
    year = "2018",
    doi = "https://doi.org/10.1016/j.neunet.2018.07.011",
    author = "Mateusz Buda and Atsuto Maki and Maciej A. Mazurowski"
}

@article{cabezas2011,
    title = "A review of atlas-based segmentation for magnetic resonance brain images",
    journal = "Computer Methods and Programs in Biomedicine",
    year = "2011",
    doi = "https://doi.org/10.1016/j.cmpb.2011.07.015",
    author = "Mariano Cabezas and Arnau Oliver and Xavier Llad√≥ and Jordi Freixenet and Meritxell Bach Cuadra"
}

@incollection{caruana1995NIPS,
    title = {Learning Many Related Tasks at the Same Time with Backpropagation},
    author = {Caruana, Rich},
    booktitle = {Advances in Neural Information Processing Systems},
    year = {1995},
    url = {http://papers.nips.cc/paper/959-learning-many-related-tasks-at-the-same-time-with-backpropagation.pdf}
}

@article{caruana1997,
 author = {Caruana, Rich},
 title = {Multitask Learning},
 journal = {Machine Learning - Special issue on inductive transfer},
 year = {1997},
 doi = {10.1023/A:1007379606734}
} 

@inproceedings{cerrolaza2014ISBI,
	title = {Segmentation of kidney in {3D}-ultrasound images using {Gabor}-based appearance models},
    booktitle={IEEE 11th International Symposium on Biomedical Imaging (ISBI)},
	url = {http://ieeexplore.ieee.org/document/6867950/},
	doi = {10.1109/ISBI.2014.6867950},
	author = {Cerrolaza, Juan J. and Safdar, Nabile and Peters, Craig A. and Myers, Emmarie and Jago, James and Linguraru, Marius George},
	year = {2014}
}

@article{chang2018,
    author = {Hang Chang and Ju Han and Cheng Zhong and Antoine M. Snijders and Jian-Hua Mao},
    title = {Unsupervised Transfer Learning via Multi-Scale Convolutional Sparse Coding for Biomedical Applications},
    year = {2018},
    journal = {IEEE Transactions on Pattern Analysis and Machine Intelligence},
    url = "https://www.ncbi.nlm.nih.gov/pubmed/28129148"
}

@article{cheng2015,
    author = {Xi Cheng and Li Zhang and Yefeng Zheng},
    title = {Deep similarity learning for multimodal medical images},
    journal = {Computer Methods in Biomechanics and Biomedical Engineering: Imaging \& Visualization},
    volume = {6},
    number = {3},
    pages = {248-252},
    year  = {2015},
    doi = {10.1080/21681163.2015.1135299}
}

@misc{chollet2015keras,
  title={Keras},
  author={Fran\c{c}ois Chollet and others},
  year={2015},
  url={https://keras.io},
}

@InProceedings{cicek2016MICCAI,
  author       = "{\"O}zg{\"u}n {\c{C}}i{\c{c}}ek and Ahmed Abdulkadir and Soeren S. Lienkamp and Thomas Brox and Olaf Ronneberger",
  title        = "{{3D U-Net: Learning Dense Volumetric Segmentation from Sparse Annotation}}",
  booktitle    = "Medical Image Computing and Computer-Assisted Intervention (MICCAI)",
  year         = "2016",
  url          = "http://lmb.informatik.uni-freiburg.de/Publications/2016/CABR16"
}

@inproceedings{collobert2008ICML,
 author = {Collobert, Ronan and Weston, Jason},
 title = {A Unified Architecture for Natural Language Processing: Deep Neural Networks with Multitask Learning},
 booktitle = {Proceedings of the 25th International Conference on Machine Learning},
 year = {2008},
 doi = {10.1145/1390156.1390177}
} 

@InProceedings{commowick2007MICCAI,
    author="Commowick, Olivier
    and Malandain, Gr{\'e}goire",
    title="Efficient Selection of the Most Similar Image in a Database for Critical Structures Segmentation",
    booktitle="Medical Image Computing and Computer-Assisted Intervention",
    year="2007",
    isbn="978-3-540-75759-7"
}

@article{cootes1995,
    title = "Active Shape Models-Their Training and Application",
    journal = "Computer Vision and Image Understanding",
    year = "1995",
    doi = "https://doi.org/10.1006/cviu.1995.1004",
    author = "T.F. Cootes and C.J. Taylor and D.H. Cooper and J. Graham"
}

@InProceedings{cootes1998ECCV,
    author="Cootes, T. F.
    and Edwards, G. J.
    and Taylor, C. J.",
    editor="Burkhardt, Hans
    and Neumann, Bernd",
    title="Active appearance models",
    booktitle="European Conference on Computer Vision",
    year="1998",
    isbn="978-3-540-69235-5"
}

@article{crammer2008JMLR,
 author = {Crammer, Koby and Kearns, Michael and Wortman, Jennifer},
 title = {Learning from Multiple Sources},
 journal = {Journal of Machine Learning Research},
 year = {2008},
 url = {http://dl.acm.org/citation.cfm?id=1390681.1442790}
} 

@inproceedings{dai2007ICML,
 author = {Dai, Wenyuan and Yang, Qiang and Xue, Gui-Rong and Yu, Yong},
 title = {Boosting for Transfer Learning},
 booktitle = {Proceedings of the 24th International Conference on Machine Learning},
 year = {2007},
 doi = {10.1145/1273496.1273521},
} 

@inproceedings{dai2008ICML,
 author = {Dai, Wenyuan and Yang, Qiang and Xue, Gui-Rong and Yu, Yong},
 title = {Self-taught Clustering},
 booktitle = {Proceedings of the 25th International Conference on Machine Learning},
 year = {2008},
 doi = {10.1145/1390156.1390182}
} 

@InProceedings{dalca2018MICCAI,
    author="Dalca, Adrian V.
    and Balakrishnan, Guha
    and Guttag, John
    and Sabuncu, Mert R.",
    editor="Frangi, Alejandro F.
    and Schnabel, Julia A.
    and Davatzikos, Christos
    and Alberola-L{\'o}pez, Carlos
    and Fichtinger, Gabor",
    title="Unsupervised Learning for Fast Probabilistic Diffeomorphic Registration",
    booktitle="Medical Image Computing and Computer Assisted Intervention",
    year="2018",
    url="https://arxiv.org/abs/1805.04605"
}

@InProceedings{daume2007,
  author = 	"Daume III, Hal",
  title = 	"Frustratingly Easy Domain Adaptation",
  booktitle = 	"Proceedings of the 45th Annual Meeting of the Association of Computational Linguistics",
  year = 	"2007",
  url = 	"http://www.aclweb.org/anthology/P07-1033"
}

@InProceedings{donahue14PMLR,
  title = 	 {DeCAF: A Deep Convolutional Activation Feature for Generic Visual Recognition},
  author = 	 {Jeff Donahue and Yangqing Jia and Oriol Vinyals and Judy Hoffman and Ning Zhang and Eric Tzeng and Trevor Darrell},
  booktitle = {Proceedings of Machine Learning Research (PMLR)},
  year = 	 {2014},
  url = 	 {http://proceedings.mlr.press/v32/donahue14.html}
}

@inproceedings{domhan2015,
 author = {Domhan, Tobias and Springenberg, Jost Tobias and Hutter, Frank},
 title = {Speeding Up Automatic Hyperparameter Optimization of Deep Neural Networks by Extrapolation of Learning Curves},
 booktitle = {Proceedings of the 24th International Conference on Artificial Intelligence},
 year = {2015},
 url = {http://dl.acm.org/citation.cfm?id=2832581.2832731}
} 

@article{erhan2010JMLR,
 author = {Erhan, Dumitru and Bengio, Yoshua and Courville, Aaron and Manzagol, Pierre-Antoine and Vincent, Pascal and Bengio, Samy},
 title = {Why Does Unsupervised Pre-training Help Deep Learning?},
 journal = {Journal of Machine Learning Research},
 year = {2010},
 url = {http://dl.acm.org/citation.cfm?id=1756006.1756025}
} 

@inproceedings{evgeniou2004,
 author = {Evgeniou, Theodoros and Pontil, Massimiliano},
 title = {Regularized Multi--task Learning},
 booktitle = {Proceedings of the Tenth ACM SIGKDD International Conference on Knowledge Discovery and Data Mining},
 year = {2004},
 doi = {10.1145/1014052.1014067}
} 

@inproceedings{falkner2018,
  title={BOHB: Robust and Efficient Hyperparameter Optimization at Scale},
  author={Stefan Falkner and Aaron Klein and Frank Hutter},
  booktitle={International Conference on Machine Learning},
  year={2018},
  url = "http://proceedings.mlr.press/v80/falkner18a/falkner18a.pdf"
}

@InProceedings{fan2018MICCAI,
    author="Fan, Jingfan
    and Cao, Xiaohuan
    and Xue, Zhong
    and Yap, Pew-Thian
    and Shen, Dinggang",
    editor="Frangi, Alejandro F.
    and Schnabel, Julia A.
    and Davatzikos, Christos
    and Alberola-L{\'o}pez, Carlos
    and Fichtinger, Gabor",
    title="Adversarial Similarity Network for Evaluating Image Alignment in Deep Learning Based Registration",
    booktitle="Medical Image Computing and Computer Assisted Intervention",
    year="2018",
    url="https://arxiv.org/abs/1804.11024"
}

@inproceedings{fredrikson2015,
 author = {Fredrikson, Matt and Jha, Somesh and Ristenpart, Thomas},
 title = {Model Inversion Attacks That Exploit Confidence Information and Basic Countermeasures},
 booktitle = {Proceedings of the 22Nd ACM SIGSAC Conference on Computer and Communications Security},
 year = {2015},
 url = {http://doi.acm.org/10.1145/2810103.2813677}
} 

@inproceedings{gao2008,
 author = {Gao, Jing and Fan, Wei and Jiang, Jing and Han, Jiawei},
 title = {Knowledge Transfer via Multiple Model Local Structure Mapping},
 booktitle = {Proceedings of the 14th ACM SIGKDD International Conference on Knowledge Discovery and Data Mining},
 year = {2008},
 doi = {10.1145/1401890.1401928}
} 

@article{garbuno2016CSDA,
    title = "Gaussian process hyper-parameter estimation using Parallel Asymptotically Independent Markov Sampling",
    journal = "Computational Statistics and Data Analysis",
    year = "2016",
    issn = "0167-9473",
    doi = "https://doi.org/10.1016/j.csda.2016.05.019",
    url = "http://www.sciencedirect.com/science/article/pii/S0167947316301311",
    author = "A. Garbuno-Inigo and F.A. DiazDelaO and K.M. Zuev"
}

@incollection{goodfellow2014,
    title = {Generative Adversarial Nets},
    author = {Goodfellow, Ian and Pouget-Abadie, Jean and Mirza, Mehdi and Xu, Bing and Warde-Farley, David and Ozair, Sherjil and Courville, Aaron and Bengio, Yoshua},
    booktitle = {Advances in Neural Information Processing Systems 27},
    year = {2014},
    url = {http://papers.nips.cc/paper/5423-generative-adversarial-nets.pdf}
}

@book{goodfellow2016,
    title={Deep Learning},
    author={Ian Goodfellow and Yoshua Bengio and Aaron Courville},
    url={http://www.deeplearningbook.org},
    year={2016}
}

@inproceedings{gupta2013ICML,
 author = {Gupta, Ashish and Ayhan, Murat Se\c{c}kin and Maida, Anthony S.},
 title = {Natural Image Bases to Represent Neuroimaging Data},
 booktitle = {Proceedings of the 30th International Conference on Machine Learning},
 year = {2013},
 url = {http://dl.acm.org/citation.cfm?id=3042817.3043047}
} 

@inproceedings{hazan2018ICLR,
  title={Hyperparameter optimization: a spectral approach},
  author={Elad Hazan and Adam Klivans and Yang Yuan},
  booktitle={International Conference on Learning Representations (ICLR)},
  year={2018},
  url={https://openreview.net/forum?id=H1zriGeCZ},
}

@article{heckemann2006,
    title = "Automatic anatomical brain MRI segmentation combining label propagation and decision fusion",
    journal = "NeuroImage",
    year = "2006",
    doi = "https://doi.org/10.1016/j.neuroimage.2006.05.061",
    author = "Rolf A. Heckemann and Joseph V. Hajnal and Paul Aljabar and Daniel Rueckert and Alexander Hammers"
}

@article{heimann2009,
    title = "Statistical shape models for 3D medical image segmentation: A review",
    journal = "Medical Image Analysis",
    year = "2009",
    issn = "1361-8415",
    doi = "https://doi.org/10.1016/j.media.2009.05.004",
    author = "Tobias Heimann and Hans-Peter Meinzer"
}

@article{hinton2006,
 author = {Hinton, Geoffrey E. and Osindero, Simon and Teh, Yee-Whye},
 title = {A Fast Learning Algorithm for Deep Belief Nets},
 journal = {Neural Computation},
 year = {2006},
 doi = {10.1162/neco.2006.18.7.1527}
} 

@inproceedings{hofmanninger2015CVPR,
    author={J. Hofmanninger and G. Langs},
    booktitle={2015 IEEE Conference on Computer Vision and Pattern Recognition (CVPR)},
    title={Mapping visual features to semantic profiles for retrieval in medical imaging},
    year={2015},
    doi={10.1109/CVPR.2015.7298643}
}

@incollection{jaderberg2015NIPS,
  title = {Spatial Transformer Networks},
  author = {Jaderberg, Max and Simonyan, Karen and Zisserman, Andrew and Kavukcuoglu, Koray},
  booktitle = {Advances in Neural Information Processing Systems 28},
  year = {2015},
  url = {http://papers.nips.cc/paper/5854-spatial-transformer-networks.pdf}
}

@article{joshi2004,
    title = "Unbiased diffeomorphic atlas construction for computational anatomy",
    journal = "NeuroImage",
    year = "2004",
    doi = "https://doi.org/10.1016/j.neuroimage.2004.07.068",
    author = "Sarang Joshi and Brad Davis and Matthieu Jomier and Guido Gerig"
}

@article{jones2001,
	title = {A {Taxonomy} of {Global} {Optimization} {Methods} {Based} on {Response} {Surfaces}},
	url = {http://dx.doi.org/10.1023/A:1012771025575},
	doi = {10.1023/A:1012771025575},
	journal = {Journal of Global Optimization},
	author = {Jones, Donald R.},
	year = {2001}
}

@InProceedings{joshi2013,
  author = 	"Joshi, Mahesh
		and Dredze, Mark
		and Cohen, William W.
		and Ros{\'e}, Carolyn P.",
  title = 	"What's in a Domain? Multi-Domain Learning for Multi-Attribute Data",
  booktitle = 	"Proceedings of the 2013 Conference of the North American Chapter of the Association for Computational Linguistics: Human Language Technologies",
  year = 	"2013",
  url = 	"http://www.aclweb.org/anthology/N13-1080"
}

@InProceedings{kamnitsas2017IPMI,
  author = "Kamnitsas, Konstantinos and Baumgartner, Christian and Ledig, Christian and Newcombe, Virginia and Simpson, Joanna and Kane, Andrew and Menon, David and Nori, Aditya and Criminisi, Antonio and Rueckert, Daniel and Glocker, Ben",
  title = "Unsupervised Domain Adaptation in Brain Lesion Segmentation with Adversarial Networks",
  booktitle = "Information Processing in Medical Imaging (IPMI)",
  year = "2017",
  isbn = "978-3-319-59050-9",
  url = "https://arxiv.org/abs/1612.08894"
}

@article{kamnitsas2017MEDIA,
	title = {Efficient multi-scale 3D {CNN} with fully connected {CRF} for accurate brain lesion segmentation},
	doi = {10.1016/j.media.2016.10.004},
	journal = {Medical Image Analysis},
	author = {Kamnitsas, Konstantinos and Ledig, Christian and Newcombe, Virginia F. J. and Simpson, Joanna P. and Kane, Andrew D. and Menon, David K. and Rueckert, Daniel and Glocker, Ben},
	year = {2017}
}

@report{krizhevsky2009,
    title = {Learning Multiple Layers of Features from Tiny Images},
    author = {Alex Krizhevsky},
    year = {2009},
    url = {https://www.cs.toronto.edu/~kriz/cifar.html}
}

@incollection{krizhevsky2012NIPS,
    title = {ImageNet Classification with Deep Convolutional Neural Networks},
    author = {Krizhevsky, Alex and Sutskever, Ilya and Hinton, Geoffrey E.},
    booktitle = {Neural Information Processing Systems},
    year = {2012},
    url = {http://papers.nips.cc/paper/4824-imagenet-classification-with-deep-convolutional-neural-networks.pdf}
}

@article{kushner1964,
	title = {A {New} {Method} of {Locating} the {Maximum} {Point} of an {Arbitrary} {Multipeak} {Curve} in the {Presence} of {Noise}},
	url = {http://dx.doi.org/10.1115/1.3653121},
	doi = {10.1115/1.3653121},
	journal = {Journal of Basic Engineering},
	author = {Kushner, H. J.},
	year = {1964}
}

@inproceedings{lawrence2004ICML,
 author = {Lawrence, Neil D. and Platt, John C.},
 title = {Learning to Learn with the Informative Vector Machine},
 booktitle = {Proceedings of the Twenty-first International Conference on Machine Learning},
 year = {2004},
 doi = {10.1145/1015330.1015382}
} 

@inproceedings{lee2007ICML,
 author = {Lee, Su-In and Chatalbashev, Vassil and Vickrey, David and Koller, Daphne},
 title = {Learning a Meta-level Prior for Feature Relevance from Multiple Related Tasks},
 booktitle = {Proceedings of the 24th International Conference on Machine Learning},
 year = {2007},
 doi = {10.1145/1273496.1273558},
} 

@inproceedings{li2017ICLR,
  author    = {Lisha Li and
               Kevin G. Jamieson and
               Giulia DeSalvo and
               Afshin Rostamizadeh and
               Ameet Talwalkar},
  title     = {Efficient Hyperparameter Optimization and Infinitely Many Armed Bandits},
  booktitle={International Conference on Learning Representations (ICLR)},
  year      = {2017},
  url={https://openreview.net/forum?id=ry18Ww5ee},
}

@article{marsousi2017,
	title = {An {Automated} {Approach} for {Kidney} {Segmentation} in {Three}-{Dimensional} {Ultrasound} {Images}},
	doi = {10.1109/JBHI.2016.2580040},
	journal = {IEEE Journal of Biomedical and Health Informatics},
	author = {Marsousi, Mahdi and Plataniotis, Konstantinos N. and Stergiopoulos, Stergios},
	year = {2017}
}

@article{miao2016,
    author={S. Miao and Z. J. Wang and R. Liao},
    journal={IEEE Transactions on Medical Imaging},
    title={A CNN Regression Approach for Real-Time 2D/3D Registration},
    year={2016},
    doi={10.1109/TMI.2016.2521800}
}

@article{miikkulainen2017,
  author    = {Risto Miikkulainen and
               Jason Zhi Liang and
               Elliot Meyerson and
               Aditya Rawal and
               Daniel Fink and
               Olivier Francon and
               Bala Raju and
               Hormoz Shahrzad and
               Arshak Navruzyan and
               Nigel Duffy and
               Babak Hodjat},
  title     = {Evolving Deep Neural Networks},
  journal   = {arXiv},
  year      = {2017},
  url       = {http://arxiv.org/abs/1703.00548},
}

@inproceedings{miller1989,
 author = {Miller, Geoffrey F. and Todd, Peter M. and Hegde, Shailesh U.},
 title = {Designing Neural Networks Using Genetic Algorithms},
 booktitle = {Proceedings of the Third International Conference on Genetic Algorithms},
 year = {1989},
 url = {http://dl.acm.org/citation.cfm?id=93126.94034}
} 

@phdthesis{mory2011,
      title = {Interactive Segmentation of 3D Medical Images with  Implicit Surfaces},
      author = {Mory, Beno{\^i}t},
      institution = {IEL},
      publisher = {EPFL},
      address = {Lausanne},
      year = {2011},
      url="https://infoscience.epfl.ch/record/169624"
}

@InProceedings{mory2012MICCAI,
    author="Mory, Beno{\^i}t
    and Somphone, Oudom
    and Prevost, Raphael
    and Ardon, Roberto",
    editor="Ayache, Nicholas
    and Delingette, Herv{\'e}
    and Golland, Polina
    and Mori, Kensaku",
    title="Real-Time 3D Image Segmentation by User-Constrained Template Deformation",
    booktitle="Medical Image Computing and Computer-Assisted Intervention",
    year="2012",
    isbn="978-3-642-33415-3"
}

@inproceedings{murray2010NIPS,
 author = {Murray, Iain and Adams, Ryan P.},
 title = {Slice Sampling Covariance Hyperparameters of Latent Gaussian Models},
 series = {Neural Information Processing Systems},
 year = {2010},
 url = {http://dl.acm.org/citation.cfm?id=2997046.2997089},
} 

@InProceedings{nam2016CVPR,
    author = {Nam, Hyeonseob and Han, Bohyung},
    title = {Learning Multi-Domain Convolutional Neural Networks for Visual Tracking},
    booktitle = {The IEEE Conference on Computer Vision and Pattern Recognition (CVPR)},
    year = {2016},
    url = "https://github.com/HyeonseobNam/MDNet"
}

@book{neal1996phd,
	series = {Lecture {Notes} in {Statistics}},
	title = {Bayesian {Learning} for {Neural} {Networks}},
	isbn = {978-0-387-94724-2},
	url = {http://www.springer.com/gp/book/9780387947242},
	author = {Neal, Radford M.},
	year = {1996},
}

@article{oh2018,
   author = {{Oh}, C. and {Gavves}, E. and {Welling}, M.},
    title = "{BOCK : Bayesian Optimization with Cylindrical Kernels}",
  journal = {ArXiv},
   eprint = {1806.01619},
     year = 2018,
     url = "https://arxiv.org/abs/1806.01619"
}

@inproceedings{oquab2014CVPR,
    author={M. Oquab and L. Bottou and I. Laptev and J. Sivic},
    booktitle={2014 IEEE Conference on Computer Vision and Pattern Recognition},
    title={Learning and Transferring Mid-level Image Representations Using Convolutional Neural Networks},
    year={2014},
    doi={10.1109/CVPR.2014.222}
}

@inproceedings{paciorek2003NIPS,
 author = {Paciorek, Christopher J. and Schervish, Mark J.},
 title = {Nonstationary Covariance Functions for Gaussian Process Regression},
 booktitle = {International Conference on Neural Information Processing Systems},
 year = {2003},
 url = {http://dl.acm.org/citation.cfm?id=2981345.2981380}
} 

@article{pan2010TNDE,
  author={Sinno Jialin Pan and Qiang Yang},
  journal={IEEE Transactions on Knowledge and Data Engineering},
  title={A Survey on Transfer Learning},
  year={2010},
  doi={10.1109/TKDE.2009.191},
  ISSN={1041-4347},
}

@article{pedregosa2011sklearn,
 title = {Scikit-learn: Machine Learning in {P}ython},
 author = {Pedregosa, Fabian and Varoquaux, G. and Gramfort, A. and Michel, V.
         and Thirion, B. and Grisel, O. and Blondel, M. and Prettenhofer, P.
         and Weiss, R. and Dubourg, V. and Vanderplas, J. and Passos, A. and
         Cournapeau, D. and Brucher, M. and Perrot, M. and Duchesnay, E.},
 journal = {Journal of Machine Learning Research},
 year = {2011},
 url = "http://scikit-learn.org/stable/index.html"
}

@InProceedings{pham2018ICML,
  title = 	 {Efficient Neural Architecture Search via Parameters Sharing},
  author = 	 {Pham, Hieu and Guan, Melody and Zoph, Barret and Le, Quoc and Dean, Jeff},
  booktitle = 	 {International Conference on Machine Learning},
  year = 	 {2018},
  url = 	 {http://proceedings.mlr.press/v80/pham18a.html},
}

@phdthesis{prevost2013PHD,
  TITLE = {{Variational methods for model-based image segmentation - applications in medical imaging}},
  AUTHOR = {Prevost, Rapha{\"e}l},
  URL = {https://tel.archives-ouvertes.fr/tel-00932995},
  YEAR = {2013}
}

@inproceedings{raina2007ICML,
 author = {Raina, Rajat and Battle, Alexis and Lee, Honglak and Packer, Benjamin and Ng, Andrew Y.},
 title = {Self-taught Learning: Transfer Learning from Unlabeled Data},
 booktitle = {Proceedings of the 24th International Conference on Machine Learning},
 year = {2007},
 doi = {10.1145/1273496.1273592}
} 

@book{rasmussen2005,
 author = {Rasmussen, C. E. and Williams, C. K. I.},
 title = {Gaussian Processes for Machine Learning (Adaptive Computation and Machine Learning)},
 year = {2005},
 url = {http://www.gaussianprocess.org/gpml/}
} 

@inproceedings{ravishankar2017MICCAI,
	title = {Learning and {Incorporating} {Shape} {Models} for {Semantic} {Segmentation}},
    booktitle = {Medical Image Computing and Computer-Assisted Intervention (MICCAI)},
	url = {https://link.springer.com/chapter/10.1007/978-3-319-66182-7_24},
	doi = {10.1007/978-3-319-66182-7_24},
	author = {Ravishankar, H. and Venkataramani, R. and Thiruvenkadam, S. and Sudhakar, P. and Vaidya, V.},
	year = {2017}
}

@inproceedings{razavian2014CVPR,
 author = {Razavian, Ali Sharif and Azizpour, Hossein and Sullivan, Josephine and Carlsson, Stefan},
 title = {CNN Features Off-the-Shelf: An Astounding Baseline for Recognition},
 booktitle = {Proceedings of the 2014 IEEE Conference on Computer Vision and Pattern Recognition Workshops},
 year = {2014},
 doi = {10.1109/CVPRW.2014.131}
} 

@inproceedings{real2017ICML,
  title={Large-Scale Evolution of Image Classifiers},
  author={Esteban Real and Sherry Moore and Andrew Selle and Saurabh Saxena and Yutaka Leon Suematsu and Jie Tan and Quoc V. Le and Alexey Kurakin},
  booktitle={ICML},
  year={2017},
  url={https://arxiv.org/abs/1703.01041}
}

@InProceedings{ronneberger2015MICCAI,
  author       = "Olaf Ronneberger and Philipp Fischer and Thomas Brox",
  title        = "{{U-Net: Convolutional Networks for Biomedical Image Segmentation}}",
  booktitle    = "Medical Image Computing and Computer-Assisted Intervention (MICCAI)",
  year         = "2015",
  url          = "http://lmb.informatik.uni-freiburg.de/Publications/2015/RFB15a"
}

@article{imagenet,
    Author = {Olga Russakovsky and Jia Deng and Hao Su and Jonathan Krause and Sanjeev Satheesh and Sean Ma and Zhiheng Huang and Andrej Karpathy and Aditya Khosla and Michael Bernstein and Alexander C. Berg and Li Fei-Fei},
    Title = {{ImageNet Large Scale Visual Recognition Challenge}},
    Year = {2015},
    journal   = {International Journal of Computer Vision (IJCV)},
    doi = {10.1007/s11263-015-0816-y},
}

@inproceedings{saddi2007,
    author={K. A. Saddi and C. Chefd'hotel and M. Rousson and F. Cheriet},
    booktitle={IEEE International Conference on Computer Vision},
    title={Region-Based Segmentation via Non-Rigid Template Matching},
    year={2007},
    doi={10.1109/ICCV.2007.4409152}
}

@InProceedings{schlegl2014MICCAI,
    author="Schlegl, Thomas and Ofner, Joachim and Langs, Georg",
    title="Unsupervised Pre-training Across Image Domains Improves Lung Tissue Classification",
    booktitle="Medical Computer Vision: Algorithms for Big Data",
    year="2014",
    url="https://rd.springer.com/chapter/10.1007/978-3-319-13972-2_8"
}

@article{schonlau1998,
 URL = {http://www.jstor.org/stable/4356058},
 author = {Matthias Schonlau and William J. Welch and Donald R. Jones},
 journal = {Institute of Mathematical Statistics Lecture Notes - Monograph Series},
 title = {Global versus Local Search in Constrained Optimization of Computer Models},
 year = {1998}
}

@inproceedings{sermanet2014ICLR,
    title = "Overfeat: Integrated recognition, localization and detection using convolutional networks",
    author = "Pierre Sermanet and David Eigen and Xiang Zhang and Micha{\"e}l Mathieu and Robert Fergus and Yann Lecun",
    year = "2014",
    booktitle = "International Conference on Learning Representations (ICLR2014)",
    url = "https://nyuscholars.nyu.edu/en/publications/overfeat-integrated-recognition-localization-and-detection-using-"
}

@article{shahriari2016IEEE,
  author={Bobak Shahriari and Kevin Swersky and Ziyu Wang and Ryan P. Adams and Nando de Freitas},
  journal={Proceedings of the IEEE},
  title={Taking the Human Out of the Loop: A Review of Bayesian Optimization},
  year={2016},
  url="https://ieeexplore.ieee.org/document/7352306/"
}

@article{shin2016,
    author = {Shin, Hoo-chang and Roth, Holger and Gao, Mingchen and Lu, Le and Xu, Ziyue and Nogues, Isabella and Yao, Jianhua and Mollura, Daniel and Summers, Ronald},
    year = {2016},
    title = {Deep Convolutional Neural Networks for Computer-Aided Detection: CNN Architectures, Dataset Characteristics and Transfer Learning},
    journal = "IEEE Transactions on Medical Imaging",
    url = "https://www.ncbi.nlm.nih.gov/pubmed/26886976"
}

@InProceedings{simonovosky2016MICCAI,
    author="Simonovsky, Martin
    and Guti{\'e}rrez-Becker, Benjam{\'i}n
    and Mateus, Diana
    and Navab, Nassir
    and Komodakis, Nikos",
    editor="Ourselin, Sebastien
    and Joskowicz, Leo
    and Sabuncu, Mert R.
    and Unal, Gozde
    and Wells, William",
    title="A Deep Metric for Multimodal Registration",
    booktitle="Medical Image Computing and Computer-Assisted Intervention",
    year="2016",
    isbn="978-3-319-46726-9"
}

@article{simonyan2014,
    author = {Simonyan, Karen and Zisserman, Andrew},
    year = {2014},
    title = {Very Deep Convolutional Networks for Large-Scale Image Recognition},
    booktitle = {arXiv},
    url = "https://arxiv.org/abs/1409.1556"
}

@inproceedings{snoek2012NIPS,
 author = {Snoek, Jasper and Larochelle, Hugo and Adams, Ryan P.},
 title = {Practical Bayesian Optimization of Machine Learning Algorithms},
 booktitle = {International Conference on Neural Information Processing Systems (NIPS)},
 year = {2012},
 url = {https://papers.nips.cc/paper/4522-practical-bayesian-optimization-of-machine-learning-algorithms.pdf},
}

@inproceedings{snoek2014ICML,
 author = {Snoek, Jasper and Swersky, Kevin and Zemel, Richard and Adams, Ryan P.},
 title = {Input Warping for Bayesian Optimization of Non-stationary Functions},
 booktitle = {International Conference on Machine Learning (ICML)},
 year = {2014},
 url = {https://arxiv.org/abs/1402.0929},
} 

@article{srivastava2014,
  author  = {Nitish Srivastava and Geoffrey Hinton and Alex Krizhevsky and Ilya Sutskever and Ruslan Salakhutdinov},
  title   = {Dropout: A Simple Way to Prevent Neural Networks from Overfitting},
  journal = {Journal of Machine Learning Research},
  year    = {2014},
  url     = {http://jmlr.org/papers/v15/srivastava14a.html}
}

@article{stanley2002EC,
 author = {Stanley, Kenneth O. and Miikkulainen, Risto},
 title = {Evolving Neural Networks Through Augmenting Topologies},
 journal = {Evolutionary Computation},
 year = {2002},
 url = {http://dx.doi.org/10.1162/106365602320169811},
 doi = {10.1162/106365602320169811}
} 

@article{stanley2009,
    author = {Stanley, Kenneth O. and D'Ambrosio, David B. and Gauci, Jason},
    title = {A Hypercube-Based Encoding for Evolving Large-Scale Neural Networks},
    journal = {Artificial Life},
    year = {2009},
    doi = {10.1162/artl.2009.15.2.15202}
}

@inproceedings{swersky2013,
  title={Raiders of the Lost Architecture : Kernels for Bayesian Optimization in Conditional Parameter Spaces},
  author = {{Swersky}, K. and {Duvenaud}, D. and {Snoek}, J. and {Hutter}, F. and {Osborne}, M.~A.},
  year={2013},
  journal = {NIPS},
  url = "https://arxiv.org/abs/1409.4011"
}

@misc{tensorflow2015,
title={ {TensorFlow}: Large-Scale Machine Learning on Heterogeneous Systems},
url={https://www.tensorflow.org/},
author={
    Mart\'{i}n Abadi and
    Ashish~Agarwal and
    Paul~Barham and
    Eugene~Brevdo and
    Zhifeng~Chen and
    Craig~Citro and
    Greg~S.~Corrado and
    Andy~Davis and
    Jeffrey~Dean and
    Matthieu~Devin and
    Sanjay~Ghemawat and
    Ian~Goodfellow and
    Andrew~Harp and
    Geoffrey~Irving and
    Michael~Isard and
    Yangqing Jia and
    Rafal~Jozefowicz and
    Lukasz~Kaiser and
    Manjunath~Kudlur and
    Josh~Levenberg and
    Dandelion~Man\'{e} and
    Rajat~Monga and
    Sherry~Moore and
    Derek~Murray and
    Chris~Olah and
    Mike~Schuster and
    Jonathon~Shlens and
    Benoit~Steiner and
    Ilya~Sutskever and
    Kunal~Talwar and
    Paul~Tucker and
    Vincent~Vanhoucke and
    Vijay~Vasudevan and
    Fernanda~Vi\'{e}gas and
    Oriol~Vinyals and
    Pete~Warden and
    Martin~Wattenberg and
    Martin~Wicke and
    Yuan~Yu and
    Xiaoqiang~Zheng},
  year={2015}
}

@inbook{titsias2011, 
    title={Markov chain Monte Carlo algorithms for Gaussian processes}, 
    DOI={10.1017/CBO9780511984679.015}, 
    booktitle={Bayesian Time Series Models}, 
    author={Titsias, Michalis K. and Rattray, Magnus and Lawrence, Neil D.}, 
    year={2011}
}

@inproceedings{tompson2015CVPR,
  author={J. Tompson and R. Goroshin and A. Jain and Y. LeCun and C. Bregler},
  booktitle={IEEE Conference on Computer Vision and Pattern Recognition (CVPR)},
  title={Efficient object localization using Convolutional Networks},
  year={2015},
  doi={10.1109/CVPR.2015.7298664}
}

@InProceedings{tzeng2015ICCV,
    author = {Tzeng, Eric and Hoffman, Judy and Darrell, Trevor and Saenko, Kate},
    title = {Simultaneous Deep Transfer Across Domains and Tasks},
    booktitle = {The IEEE International Conference on Computer Vision (ICCV)},
    year = {2015},
    url = "https://www.cv-foundation.org/openaccess/content_iccv_2015/html/Tzeng_Simultaneous_Deep_Transfer_ICCV_2015_paper.html"
} 

@inproceedings{vanginneken2015ISBI,
    author={B. van Ginneken and A. A. A. Setio and C. Jacobs and F. Ciompi},
    booktitle={2015 IEEE 12th International Symposium on Biomedical Imaging (ISBI)},
    title={Off-the-shelf convolutional neural network features for pulmonary nodule detection in computed tomography scans},
    year={2015},
    doi={10.1109/ISBI.2015.7163869}
}

@inproceedings{vincent2008ICML,
 author = {Vincent, Pascal and Larochelle, Hugo and Bengio, Yoshua and Manzagol, Pierre-Antoine},
 title = {Extracting and Composing Robust Features with Denoising Autoencoders},
 booktitle = {Proceedings of the 25th International Conference on Machine Learning},
 year = {2008},
 doi = {10.1145/1390156.1390294}
} 

@article{warfield2004,
    author={S. K. Warfield and K. H. Zou and W. M. Wells},
    journal={IEEE Transactions on Medical Imaging},
    title={Simultaneous truth and performance level estimation (STAPLE): an algorithm for the validation of image segmentation},
    year={2004},
    doi={10.1109/TMI.2004.828354},
}

@article{wu2013MICCAI,
  title={Unsupervised Deep Feature Learning for Deformable Registration of MR Brain Images},
  author={Guorong Wu and Minjeong Kim and Qian Wang and Yaozong Gao and Shu Liao and Dinggang Shen},
  journal={International Conference on Medical Image Computing and Computer-Assisted Intervention},
  year={2013},
  url="https://www.ncbi.nlm.nih.gov/pubmed/24579196"
}

@InProceedings{yang2016,
    author="Yang, Xiao
    and Kwitt, Roland
    and Niethammer, Marc",
    editor="Carneiro, Gustavo
    and Mateus, Diana
    and Peter, Lo{\"i}c
    and Bradley, Andrew
    and Tavares, Jo{\~a}o Manuel R. S.
    and Belagiannis, Vasileios
    and Papa, Jo{\~a}o Paulo
    and Nascimento, Jacinto C.
    and Loog, Marco
    and Lu, Zhi
    and Cardoso, Jaime S.
    and Cornebise, Julien",
    title="Fast Predictive Image Registration",
    booktitle="Deep Learning and Data Labeling for Medical Applications",
    year="2016",
    isbn="978-3-319-46976-8"
}

@Article{yezzi2003,
    author="Yezzi, Anthony J.
    and Soatto, Stefano",
    title="Deformotion: Deforming Motion, Shape Average and the Joint Registration and Approximation of Structures in Images",
    journal="International Journal of Computer Vision",
    year="2003",
    doi="10.1023/A:1023048024042"
}

@inproceedings{yosinski2014NIPS,
 author = {Yosinski, Jason and Clune, Jeff and Bengio, Yoshua and Lipson, Hod},
 title = {How Transferable Are Features in Deep Neural Networks?},
 booktitle = {International Conference on Neural Information Processing Systems (NIPS)},
 year = {2014},
 url = {http://dl.acm.org/citation.cfm?id=2969033.2969197}
} 

@article{zela2018,
  title={Towards Automated Deep Learning: Efficient Joint Neural Architecture and Hyperparameter Search},
  author={Arber Zela and Aaron Klein and Stefan Falkner and Frank Hutter},
  year={2018},
  url = "https://arxiv.org/abs/1807.06906"
}

@inproceedings{zoph2017ICLR,
   author = {{Zoph}, B. and {Le}, Q.~V.},
    title = "{Neural Architecture Search with Reinforcement Learning}",
  booktitle = {International Conference on Learning Representations},
     year = 2017,
     url = {https://arxiv.org/abs/1611.01578}
}

@article{zoph2017,
  author    = {Barret Zoph and
               Vijay Vasudevan and
               Jonathon Shlens and
               Quoc V. Le},
  title     = {Learning Transferable Architectures for Scalable Image Recognition},
  year      = {2017},
  url       = {http://arxiv.org/abs/1707.07012},
}
